@article{Wu2008,
	Author = {Wu, Zhaohua And Huang, Norden E.},
	Doi = {10.1142/S1793536909000047},
	Issn = {1793-5369},
	Journal = {Advances In Adaptive Data Analysis},
	Title = {{Ensemble Empirical Mode Decomposition: A Noise-Assisted Data Analysis Method}},
	year = {2008}
}

@article{Huang1998,
	author = {Huang, Norden E. and Shen, Zheng and Long, Steven R. and Wu, Manli C. and Snin, Hsing H. and Zheng, Quanan and Yen, Nai Chyuan and Tung, Chi Chao and Liu, Henry H.},
	doi = {10.1098/rspa.1998.0193},
	issn = {13645021},
	journal = {Proceedings of the Royal Society A: Mathematical, Physical and Engineering Sciences},
	keywords = {Empirical mode decomposition,Frequency-time spectrum,Hubert spectral analysis,Intrinsic time scale,Non-stationary time series,Nonlinear differential equations},
	title = {{The empirical mode decomposition and the Hubert spectrum for nonlinear and non-stationary time series analysis}},
	year = {1998}
}

@article{Dincer2000,
	author = {Dincer, Ibrahim},
	doi = {10.1016/S1364-0321(99)00011-8},
	issn = {13640321},
	journal = {Renewable and Sustainable Energy Reviews},
	month = {jun},
	number = {2},
	pages = {157--175},
	title = {{Renewable energy and sustainable development: a crucial review}},
	url = {http://www.sciencedirect.com/science/article/pii/S1364032199000118},
	volume = {4},
	year = {2000}

}

@phdthesis{Raghavan2007,
	author = {Raghavan, Kamaldev},
	keywords = {Bottom Boundary,Energy Extraction,Engineering,Free Surface,Naval Architecture and Marine Engineering,Reynolds Number,Surface Roughness,Vortex Induced Vibration (VIV) of Cylinders},
	language = {English},
	pages = {1--344},
	school = {The University of Michigan},
	title = {{Energy Extraction from a Steady Flow Using Vortex Induced Vibration.}},
	type = {Doctoral Dissertation},
	url = {http://deepblue.lib.umich.edu/handle/2027.42/55687},
	year = {2007}
}

@article{Bernitsas2008,
	author = {Bernitsas, Michael M.M. and Raghavan, Kamaldev and Ben-Simon, Y. and Garcia, E.M.H. M. H.},
	doi = {10.1115/1.2957913},
	isbn = {0791837777},
	issn = {08927219},
	journal = {Journal of Offshore Mechanics and Arctic Engineering},
	keywords = {VIV,power harvesting,vortex-induced vibrations},
	month = {nov},
	number = {4},
	pages = {041101},
	publisher = {American Society of Mechanical Engineers},
	title = {{VIVACE (Vortex Induced Vibration Aquatic Clean Energy): A New Concept in Generation of Clean and Renewable Energy From Fluid Flow}},
	url = {http://www.scopus.com/record/display.url?eid=2-s2.0-56749179917{\&}origin=resultslist{\&}sort=plf-f{\&}src=s{\&}st1=A+new+concept+in+generation+of+clean+and+renewable+energy+from+fluid+flow{\&}sid=620865A71FAF26768C42655E1E8BC194.aXczxbyuHHiXgaIW6Ho7g:230{\&}sot=b{\&}sdt=b{\&} h},
	volume = {130},
	year = {2008}
}

@article{Feng1963,
	author = {Feng, C. C.},
	number = {October},
	pages = {100},
	title = {{The measurement of vortex idunced effects in flow past stationary and oscillating circular and D-section cylinders}},
	year = {1963}
}

@article{Shirakashi1989,
	author = {Shirakashi, M. and Mizuguchi, K. and Bae, H. M.},
	doi = {10.1016/S0889-9746(89)90150-3},
	issn = {10958622},
	journal = {Journal of Fluids and Structures},
	number = {6},
	pages = {595--607},
	title = {{Flow-induced excitation of an elastically-supported cylinder caused by another located downstream in cruciform arrangement}},
	volume = {3},
	year = {1989}
}

@inproceedings{koide2009novel,
	author = {Koide, Mizuyasu and Sekizaki, Takahiro and Yamada, Syuichi and Takahashi, Tsutomu and Shirakashi, Masataka},
	booktitle = {Proceedings of the ASME Pressure Vessels and Piping Division Conference, PVP2009-77487},
	title = {{A Novel Technique for Hydroelectricity Utilizing Vortex Induced Vibration}},
	year = {2009}
}
